@article{khuri2010response,
  title={Response surface methodology},
  author={Khuri, Andr{\'e} I and Mukhopadhyay, Siuli},
  journal={Wiley Interdisciplinary Reviews: Computational Statistics},
  volume={2},
  number={2},
  pages={128--149},
  year={2010},
  publisher={Wiley Online Library}
}
@article{freeman1977corner,
  title={A corner-finding algorithm for chain-coded curves},
  author={Freeman, Herbert and Davis, Larry S.},
  journal={IEEE Transactions on Computers},
  volume={26},
  number={3},
  pages={297--303},
  year={1977},
  publisher={IEEE Computer Society}
}

@manual{othermill,
    organization  = "Other Machine Co.",
    title         = "Othermill Pro",
    number        = "Mechanics",
    year          =  2016,
    month         =  7,    
}

@article{ting2004preparation,
  title={Preparation and properties of sputtered nitrogen-doped cobalt silicide film},
  author={Ting, Jyh-Hua and Shiau, Shiuann-Huah and Chen, Yeong-Jyh and Pan, Fu-Ming and Wong, Harianto and Pu, Gibson M and Kung, Chung-Yuan},
  journal={Thin solid films},
  volume={468},
  number={1},
  pages={155--160},
  year={2004},
  publisher={Elsevier}
}

@book{yokoyama1993taguchi,
  title={Taguchi methods: design of experiments},
  author={Yokoyama, Yoshiko and others},
  volume={4},
  year={1993},
  publisher={Amer Supplier Inst}
}
@book{hedayat2012orthogonal,
  title={Orthogonal arrays: theory and applications},
  author={Hedayat, A Samad and Sloane, Neil James Alexander and Stufken, John},
  year={2012},
  publisher={Springer Science \& Business Media}
}

@misc{wikiOpenScad,
   author={Wikibooks},
   title={OpenSCAD User Manual --- Wikibooks, The Free Textbook Project},
   year={2017},
   url={https://en.wikibooks.org/wiki/OpenSCAD\_User\_Manual}
}

@article{muriithi2015application,
  title={Application of Response Surface Methodology for Optimization of Potato Tuber Yield},
  author={Muriithi, Dennis Kariuki},
  journal={American Journal of Theoretical and Applied Statistics},
  volume={4},
  number={4},
  pages={300--304},
  year={2015},
  publisher={Citeseer}
}

@techreport{carley2004response,
  title={Response surface methodology},
  author={Carley, Kathleen M and Kamneva, Natalia Y and Reminga, Jeff},
  year={2004},
  institution={DTIC Document}
}
@article{khuri2010response,
  title={Response surface methodology},
  author={Khuri, Andr{\'e} I and Mukhopadhyay, Siuli},
  journal={Wiley Interdisciplinary Reviews: Computational Statistics},
  volume={2},
  number={2},
  pages={128--149},
  year={2010},
  publisher={Wiley Online Library}
}

@book{box2006improving,
  title={Improving almost anything: Ideas and essays},
  author={Box, George EP},
  volume={629},
  year={2006},
  publisher={Wiley-Interscience}
}

@inproceedings{arge2013algorithms,
  title={Algorithms for Computing Prominence on Grid Terrains},
  author={Arge, Lars and De Berg, Mark and Tsirogiannis, Constantinos},
  booktitle={Proceedings of the 21st ACM SIGSPATIAL International Conference on Advances in Geographic Information Systems},
  pages={254--263},
  year={2013},
  organization={ACM}
}

@Book{Harris+Harris,
 author    = "Harris, David Money and Harris, Sarah L.",
 title     = "Digital design and computer architecture",
 publisher = "Morgan Kaufmann Publishers, Cop.",
 year      =  2013,
 address   = "Amsterdam, Boston",
 isbn = "978-0-12-394424-5",
 edition   = "Second Edition"
}

@ARTICLE{Review_ProcessEngr,
author={Damian, D. and Chisan, J.},
journal={Software Engineering, IEEE Transactions on},
title={An Empirical Study of the Complex Relationships between Requirements Engineering Processes and Other Processes that Lead to Payoffs in Productivity, Quality, and Risk Management},
year={2006},
month={July},
volume={32},
number={7},
pages={433-453},
doi={10.1109/TSE.2006.61},
ISSN={0098-5589},}

@article{CostBenefit_hours,
  added-at = {2011-06-03T00:00:00.000+0200},
  author = {Lauesen, SÃ¸ren and Vinter, Otto},
  biburl = {http://www.bibsonomy.org/bibtex/23ad97023a001ac5632a444585cc2d0e8/dblp},
  ee = {http://dx.doi.org/10.1007/PL00010355},
  interhash = {67c88b34b3cdcb564caec102d1dff47e},
  intrahash = {3ad97023a001ac5632a444585cc2d0e8},
  journal = {Requir. Eng.},
  keywords = {dblp},
  number = 1,
  pages = {37-50},
  timestamp = {2011-06-03T00:00:00.000+0200},
  title = {Preventing Requirement Defects: An Experiment in Process Improvement.},
  url = {http://dblp.uni-trier.de/db/journals/re/re6.html#LauesenV01},
  volume = 6,
  year = 2001
}

@inproceedings{OnTimeDelivery,
 author = {Wohlwend, Harvey and Rosenbaum, Susan},
 title = {Software Improvements in an International Company},
 booktitle = {Proceedings of the 15th International Conference on Software Engineering},
 series = {ICSE '93},
 year = {1993},
 isbn = {0-89791-588-7},
 location = {Baltimore, Maryland, USA},
 pages = {212--220},
 numpages = {9},
 url = {http://dl.acm.org/citation.cfm?id=257572.257621},
 acmid = {257621},
 publisher = {IEEE Computer Society Press},
 address = {Los Alamitos, CA, USA},
} 

@inproceedings{Quality,
 author = {Herbsleb, James D. and Goldenson, Dennis R.},
 title = {A Systematic Survey of CMM Experience and Results},
 booktitle = {Proceedings of the 18th International Conference on Software Engineering},
 series = {ICSE '96},
 year = {1996},
 isbn = {0-8186-7246-3},
 location = {Berlin, Germany},
 pages = {323--330},
 numpages = {8},
 url = {http://dl.acm.org/citation.cfm?id=227726.227791},
 acmid = {227791},
 publisher = {IEEE Computer Society},
 address = {Washington, DC, USA},
 keywords = {capability maturity model, software process appraisals, software process improvement},
} 

@article{Mickens_security,
  author = {Mickens, James},
  journal = {Usenix ;login: logout},
  pages = {8-11},
  title = {This World of Ours},
  month={January},
  year = 2014
}

@article{Mickens_watch,
  author = {Mickens, James},
  journal = {Usenix ;login: logout},
  pages = {5-8},
  title = {The Night Watch},
  month={November},
  year = 2013
}

@article{Mickens_wash,
  author = {Mickens, James},
  journal = {Usenix ;login: logout},
  pages = {2-8},
  title = {To Was It All Away},
  month={March},
  year = 2014
}

@article{Mickens_winter,
  author = {Mickens, James},
  journal = {Usenix ;login: logout},
  pages = {14-17},
  title = {The Slow Winter},
  month={September},
  year = 2013
}

@article{kuon2008,
  title={FPGA architecture: Survey and challenges},
  author={Kuon, Ian and Tessier, Russell and Rose, Jonathan},
  journal={Foundations and Trends in Electronic Design Automation},
  volume={2},
  number={2},
  pages={135--253},
  year={2008},
  publisher={Now Publishers Inc.}
}

@article{vaidyanathan2015,
  title={A Framework for Genetic Logic Synthesis},
  author={Vaidyanathan, Prashant and Der, Bryan S and Bhatia, Swapnil and Roehner, Nicholas and Silva, Ryan and Voigt, Christopher A and Densmore, Douglas},
  journal={Proceedings of the IEEE},
  volume={103},
  number={11},
  pages={2196--2207},
  year={2015},
  publisher={IEEE}
}
@article{kleeman1987metastable,
  title={Metastable behavior in digital systems},
  author={Kleeman, Lindsay and Cantoni, Antonio},
  journal={IEEE Design \& Test of Computers},
  number={6},
  pages={4--19},
  year={1987},
  publisher={IEEE}
}

@incollection{schmit2005extra,
  title={Extra-dimensional island-style FPGAs},
  author={Schmit, Herman},
  booktitle={New Algorithms, Architectures and Applications for Reconfigurable Computing},
  pages={3--13},
  year={2005},
  publisher={Springer}
}
@article{otto1991trade,
  title={Trade-off strategies in engineering design},
  author={Otto, Kevin N and Antonsson, Erik K},
  journal={Research in engineering Design},
  volume={3},
  number={2},
  pages={87--103},
  year={1991},
  publisher={Springer}
}
@article{compton2002reconfigurable,
  title={Reconfigurable computing: a survey of systems and software},
  author={Compton, Katherine and Hauck, Scott},
  journal={ACM Computing Surveys (csuR)},
  volume={34},
  number={2},
  pages={171--210},
  year={2002},
  publisher={ACM}
}
@inproceedings{todman2005reconfigurable,
  title={Reconfigurable computing: architectures and design methods},
  author={Todman, Timothy J and Constantinides, George A and Wilton, Steven JE and Mencer, Oscar and Luk, Wayne and Cheung, Peter YK},
  booktitle={Computers and Digital Techniques, IEE Proceedings-},
  volume={152},
  number={2},
  pages={193--207},
  year={2005},
  organization={IET}
}
@article{chang1996universal,
  title={Universal switch modules for FPGA design},
  author={Chang, Yao-Wen and Wong, DF and Wong, CK},
  journal={ACM Transactions on Design Automation of Electronic Systems (TODAES)},
  volume={1},
  number={1},
  pages={80--101},
  year={1996},
  publisher={ACM}
}
@inproceedings{alexander1995three,
  title={Three-dimensional field-programmable gate arrays},
  author={Alexander, Michael J and Cohoon, James P and Colflesh, Jared L and Karro, John and Robins, Gabriel},
  booktitle={Proc. Eighth Annual IEEE Int. ASIC Conf. and Exhibit},
  pages={253--256},
  year={1995}
}
@incollection{farooq2012tree,
  title={FPGA Architectures: An Overview},
  author={Farooq, Umer and Marrakchi, Zied and Mehrez, Habib},
  booktitle={Tree-based Heterogeneous FPGA Architectures},
  pages={7--47},
  year={2012},
  publisher={Springer}
}
@inproceedings{schmit2002fpga,
  title={FPGA switch block layout and evaluation},
  author={Schmit, Herman and Chandra, Vikas},
  booktitle={Proceedings of the 2002 ACM/SIGDA tenth international symposium on Field-programmable gate arrays},
  pages={11--18},
  year={2002},
  organization={ACM}
}

@article{prado2006tutorial,
  title={Tutorial on FPGA routing},
  author={Prado, Daniel Francisco Gomez},
  journal={Electr{\'o}nica-UNMSM},
  number={17},
  pages={23--33},
  year={2006}
}
@inproceedings{marquardt1999using,
  title={Using cluster-based logic blocks and timing-driven packing to improve FPGA speed and density},
  author={Marquardt, Alexander Sandy and Betz, Vaughn and Rose, Jonathan},
  booktitle={Proceedings of the 1999 ACM/SIGDA seventh international symposium on Field programmable gate arrays},
  pages={37--46},
  year={1999},
  organization={ACM}
}

@inproceedings{razavi2009tileable,
  title={A tileable switch module architecture for homogeneous 3D FPGAs},
  author={Razavi, Seyyed Ahmad and Zamani, Morteza Saheb and Bazargan, Kia},
  booktitle={3D System Integration, 2009. 3DIC 2009. IEEE International Conference on},
  pages={1--4},
  year={2009},
  organization={IEEE}
}

@inproceedings{ejnioui2000routing,
  title={Routing on switch matrix multi-FPGA systems},
  author={Ejnioui, Abdel and Ranganathan, N},
  booktitle={VLSI Design, 2000. Thirteenth International Conference on},
  pages={248--253},
  year={2000},
  organization={IEEE}
}
@article{schrock2014education,
  title={Education in Disguise: Culture of a Hacker and Maker Space},
  author={Schrock, Andrew Richard},
  journal={InterActions: UCLA Journal of Education and Information Studies},
  volume={10},
  number={1},
  year={2014}
}
